 
Bibtex (bib) file for the thesis style document.
 
@Article{Brubaker:2006xn,
     author    = "Brubaker, E. and others",
 collaboration = "Tevatron Electroweak Working Group",
     title     = "Combination of CDF and D0 results on the mass of the top
                  quark",
     year      = "2006",
     eprint    = "hep-ex/0608032",
     SLACcitation  = "%%CITATION = HEP-EX 0608032;%%"
}
 
 @Article{PhysRevD.41.1647,
  title = {Minimal dynamical symmetry breaking of the standard model},
  author = {Bardeen, William A. and Hill, Christopher T. and Lindner, Manfred },
  journal = {Phys. Rev. D},
  volume = {41},
  number = {5},
  pages = {1647--1660},
  numpages = {13},
  year = {1990},
  month = {Mar},
  doi = {10.1103/PhysRevD.41.1647},
  publisher = {American Physical Society}
}

@Article{Mahlon:1998uv,
     author    = "Mahlon, Gregory",
     title     = "Spin polarization in single top events",
     year      = "1998",
     eprint    = "hep-ph/9811219",
     SLACcitation  = "%%CITATION = HEP-PH 9811219;%%"
}

@Article{Blazey:2000qt,
     author    = "Blazey, Gerald C. and others",
     title     = "Run II jet physics",
     year      = "2000",
     eprint    = "hep-ex/0005012",
     SLACcitation  = "%%CITATION = HEP-EX 0005012;%%"
}

@Article{Boos:SingleTop,
     author    = "E. Boos and V. Bunichev and L. Dudko and V. Savrin and A. Sherstnev",
     title     = "A simulation method of the Electroweak Top Quark Production Events in the NLO Approximation.
A Monte-Carlo Generator ``SingleTop''",
     journal   = "SINP MSU 2005-16/78; accepted for publication in Physics of Atomic Nuclei",
     volume    = "",
     year      = "2005",
     pages     = "",
     eprint    = "",
}

@Article{Sjostrand:2001yu,
     author    = "Sjostrand, Torbjorn and Lonnblad, Leif and Mrenna, Stephen
                  ",
     title     = "PYTHIA 6.2: Physics and manual",
     year      = "2001",
     eprint    = "hep-ph/0108264",
     SLACcitation  = "%%CITATION = HEP-PH 0108264;%%"
}

@Article{Mangano:2002ea,
     author    = "Mangano, Michelangelo L. and Moretti, Mauro and Piccinini,
                  Fulvio and Pittau, Roberto and Polosa, Antonio D.",
     title     = "ALPGEN, a generator for hard multiparton processes in
                  hadronic  collisions",
     journal   = "JHEP",
     volume    = "07",
     year      = "2003",
     pages     = "001",
     eprint    = "hep-ph/0206293",
     SLACcitation  = "%%CITATION = HEP-PH 0206293;%%"
}

@Article{PhysRevLett.54.1983,
  title = {Implications of a Systematic Study of the CERN Monojets for Supersymmetry},
  author = {Barnett, R. Michael and Haber, Howard E. and Kane, G. L.},
  journal = {Phys. Rev. Lett.},
  volume = {54},
  number = {18},
  pages = {1983--1986},
  numpages = {3},
  year = {1985},
  month = {May},
  doi = {10.1103/PhysRevLett.54.1983},
  publisher = {American Physical Society}
}

@Article{Kidonakis:2003vs,
     author    = "Kidonakis, Nikolaos and Vogt, Ramona",
     title     = "Top quark production at the Tevatron at NNLO",
     journal   = "Eur. Phys. J.",
     volume    = "C33",
     year      = "2004",
     pages     = "S466-S468",
     eprint    = "hep-ph/0309045",
     SLACcitation  = "%%CITATION = HEP-PH 0309045;%%"
}

@Article{Lepage:1980dq,
     author    = "Lepage, G. Peter",
     title     = "VEGAS: AN ADAPTIVE MULTIDIMENSIONAL INTEGRATION PROGRAM",
     note     = "CLNS-80/447"
}

@Article{Yao:2006px,
     author    = "Yao, W. -M. and others",
 collaboration = "Particle Data Group",
     title     = "Review of particle physics",
     journal   = "J. Phys.",
     volume    = "G33",
     year      = "2006",
     pages     = "1-1232",
     SLACcitation  = "%%CITATION = JPHGB,G33,1;%%"
}

@Article{Bourilkov:2006cj,
     author    = "Bourilkov, D and Group, R C and Whalley, M R",
     title     = "LHAPDF: PDF use from the Tevatron to the LHC",
     year      = "2006",
     eprint    = "hep-ph/0605240",
     SLACcitation  = "%%CITATION = HEP-PH 0605240;%%"
}

@Article{Maltoni:2002qb,
     author    = "Maltoni, Fabio and Stelzer, Tim",
     title     = "MadEvent: Automatic event generation with MadGraph",
     journal   = "JHEP",
     volume    = "02",
     year      = "2003",
     pages     = "027",
     eprint    = "hep-ph/0208156",
     SLACcitation  = "%%CITATION = HEP-PH 0208156;%%"
}

@Article{Pumplin:2005rh,
     author    = "Pumplin, J. and Belyaev, A. and Huston, J. and Stump, D.
                  and Tung, W. K.",
     title     = "Parton distributions and the strong coupling: CTEQ6AB
                  PDFs",
     journal   = "JHEP",
     volume    = "02",
     year      = "2006",
     pages     = "032",
     eprint    = "hep-ph/0512167",
     SLACcitation  = "%%CITATION = HEP-PH 0512167;%%"
}

@Article{Kidonakis:2003qe,
     author    = "Kidonakis, Nikolaos and Vogt, Ramona",
     title     = "Next-to-next-to-leading order soft-gluon corrections in top
                  quark  hadroproduction",
     journal   = "Phys. Rev.",
     volume    = "D68",
     year      = "2003",
     pages     = "114014",
     eprint    = "hep-ph/0308222",
     SLACcitation  = "%%CITATION = HEP-PH 0308222;%%"
}

@Article{Hough,
	author	= "Duda, R. O. and P. E. Hart", 
	title		= "Use of the Hough Transformation to Detect Lines and Curves in Pictures",
	journal	= "Comm. ACM",
	volume	= "15",
	year		= "1972",
	pages	= "11Ð15",
}

@Article{Abe:1995hr,
     author    = "Abe, F. and others",
 collaboration = "CDF",
     title     = "Observation of top quark production in $\bar{p}p$
                  collisions",
     journal   = "Phys. Rev. Lett.",
     volume    = "74",
     year      = "1995",
     pages     = "2626-2631",
     eprint    = "hep-ex/9503002",
     SLACcitation  = "%%CITATION = HEP-EX 9503002;%%"
}

@Article{Abachi:1995iq,
     author    = "Abachi, S. and others",
 collaboration = "D0",
     title     = "Observation of the top quark",
     journal   = "Phys. Rev. Lett.",
     volume    = "74",
     year      = "1995",
     pages     = "2632-2637",
     eprint    = "hep-ex/9503003",
     SLACcitation  = "%%CITATION = HEP-EX 9503003;%%"
}


@Article{Abazov:2006ka,
     author    = "Abazov, V. M. and others",
 collaboration = "D0",
     title     = "Measurement of the $t \bar{t}$ production cross section in
                  $p \bar{p}$ collisions at $\sqrt{s}$ = 1.96-TeV using
                  secondary vertex $b$ tagging",
     journal   = "Phys. Rev.",
     volume    = "D74",
     year      = "2006",
     pages     = "112004",
     eprint    = "hep-ex/0611002",
     SLACcitation  = "%%CITATION = HEP-EX 0611002;%%"
}

@Article{Abazov:2005yt,
     author    = "Abazov, V. M. and others",
 collaboration = "D0",
     title     = "Measurement of the t anti-t production cross section in p
                  anti-p  collisions at s**(1/2) = 1.96-TeV in dilepton final
                  states",
     journal   = "Phys. Lett.",
     volume    = "B626",
     year      = "2005",
     pages     = "55-64",
     eprint    = "hep-ex/0505082",
     SLACcitation  = "%%CITATION = HEP-EX 0505082;%%"
}

@Article{Abazov:2005ey,
     author    = "Abazov, V. M. and others",
 collaboration = "D0",
     title     = "Measurement of the t anti-t production cross section in p
                  anti-p  collisions at s**(1/2) = 1.96-TeV using lepton +
                  jets events with  lifetime b-tagging",
     journal   = "Phys. Lett.",
     volume    = "B626",
     year      = "2005",
     pages     = "35-44",
     eprint    = "hep-ex/0504058",
     SLACcitation  = "%%CITATION = HEP-EX 0504058;%%"
}

@Article{Abazov:2005ex,
     author    = "Abazov, V. M. and others",
 collaboration = "D0",
     title     = "Measurement of the t anti-t production cross section in p
                  anti-p  collisions at s**(1/2) = 1.96-TeV using kinematic
                  characteristics of  lepton + jets events",
     journal   = "Phys. Lett.",
     volume    = "B626",
     year      = "2005",
     pages     = "45-54",
     eprint    = "hep-ex/0504043",
     SLACcitation  = "%%CITATION = HEP-EX 0504043;%%"
}

@Article{Abulencia:2006se,
     author    = "Abulencia, A. and others",
 collaboration = "CDF - Run II",
     title     = "Measurement of the $t \bar{t}$ Production Cross Section in
                  $p \bar{p}$ collisions at $\sqrt{s}$ = 1.96-TeV in the All
                  Hadronic Decay Mode",
     journal   = "Phys. Rev.",
     volume    = "D74",
     year      = "2006",
     pages     = "072005",
     eprint    = "hep-ex/0607095",
     SLACcitation  = "%%CITATION = HEP-EX 0607095;%%"
}

@Article{Abulencia:2006kv,
     author    = "Abulencia, A. and others",
 collaboration = "CDF",
     title     = "Measurement of the $t \bar{t}$ Production Cross Section in
                  $p \bar{p}$ collisions at $\sqrt{s}$ = 1.96-TeV using
                  Lepton + Jets Events with Jet Probability $b^-$ tagging",
     journal   = "Phys. Rev.",
     volume    = "D74",
     year      = "2006",
     pages     = "072006",
     eprint    = "hep-ex/0607035",
     SLACcitation  = "%%CITATION = HEP-EX 0607035;%%"
}

@Article{Abulencia:2006in,
     author    = "Abulencia, A. and others",
 collaboration = "CDF",
     title     = "Measurement of the tanti-t Production Cross Section in $p$
                  anti-ptnipbar Collisions at $\sqrt{s}$ = 1.96-TeV",
     journal   = "Phys. Rev. Lett.",
     volume    = "97",
     year      = "2006",
     pages     = "082004",
     eprint    = "hep-ex/0606017",
     SLACcitation  = "%%CITATION = HEP-EX 0606017;%%"
}

@Article{Abulencia:2006yk,
     author    = "Abulencia, A. and others",
 collaboration = "CDF",
     title     = "Measurement of the t anti-t production cross section in p
                  anti-p  collisions at s**(1/2) = 1.96-TeV using missing
                  E(t) + jets events with  secondary vertex b-tagging",
     journal   = "Phys. Rev. Lett.",
     volume    = "96",
     year      = "2006",
     pages     = "202002",
     eprint    = "hep-ex/0603043",
     SLACcitation  = "%%CITATION = HEP-EX 0603043;%%"
}

@Article{Acosta:2005zd,
     author    = "Acosta, D. and others",
 collaboration = "CDF",
     title     = "Measurement of the $t\bar{t}$ production cross section in
                  $p\bar{p}$  collisions at $\sqrt{s} = 1.96$ TeV using
                  lepton plus jets events with  semileptonic B decays to
                  muons",
     journal   = "Phys. Rev.",
     volume    = "D72",
     year      = "2005",
     pages     = "032002",
     eprint    = "hep-ex/0506001",
     SLACcitation  = "%%CITATION = HEP-EX 0506001;%%"
}

@Article{Acosta:2005am,
     author    = "Acosta, D. and others",
 collaboration = "CDF",
     title     = "Measurement of the cross section for $t\bar{t}$ production
                  in $p\bar{p}$  collisions using the kinematics of lepton +
                  jets events",
     journal   = "Phys. Rev.",
     volume    = "D72",
     year      = "2005",
     pages     = "052003",
     eprint    = "hep-ex/0504053",
     SLACcitation  = "%%CITATION = HEP-EX 0504053;%%"
}

@Article{Willenbrock:1986cr,
     author    = "Willenbrock, Scott S. D. and Dicus, Duane A.",
     title     = "PRODUCTION OF HEAVY QUARKS FROM W GLUON FUSION",
     journal   = "Phys. Rev.",
     volume    = "D34",
     year      = "1986",
     pages     = "155",
     SLACcitation  = "%%CITATION = PHRVA,D34,155;%%"
}

@Article{Yuan:1989tc,
     author    = "Yuan, C. P.",
     title     = "A New Method to Detect a Heavy Top Quark at the Tevatron",
     journal   = "Phys. Rev.",
     volume    = "D41",
     year      = "1990",
     pages     = "42",
     SLACcitation  = "%%CITATION = PHRVA,D41,42;%%"
}

@Article{Cortese:1991fw,
     author    = "Cortese, S. and Petronzio, R.",
     title     = "The Single top production channel at Tevatron energies",
     journal   = "Phys. Lett.",
     volume    = "B253",
     year      = "1991",
     pages     = "494-498",
     SLACcitation  = "%%CITATION = PHLTA,B253,494;%%"
}

@Article{Pumplin:2002vw,
     author    = "Pumplin, J. and others",
     title     = "New generation of parton distributions with uncertainties
                  from global  QCD analysis",
     journal   = "JHEP",
     volume    = "07",
     year      = "2002",
     pages     = "012",
     eprint    = "hep-ph/0201195",
     SLACcitation  = "%%CITATION = HEP-PH 0201195;%%"
}

@Article{PhysRevD.63.014018,
  title = {Single top quark production as a window to physics beyond the standard model},
  author = {Tait, Tim M. P. and Yuan, C.-P. },
  journal = {Phys. Rev. D},
  volume = {63},
  number = {1},
  pages = {014018},
  numpages = {15},
  year = {2000},
  month = {Dec},
  doi = {10.1103/PhysRevD.63.014018},
  publisher = {American Physical Society}
}

@Article{Antiproton,
  title = {http://www-bd.fnal.gov/public/antiproton.html}
}
 
@Article{proton,
  title = {http://www-bd.fnal.gov/public/proton.html}
}

@Article{tevatron,
  title = {http://www-bd.fnal.gov/public/tevatron.html}
}

@Article{Abazov:2005pn,
     author    = "Abazov, V. M. and others",
 collaboration = "D0",
     title     = "The upgraded D0 detector",
     journal   = "Nucl. Instrum. Meth.",
     volume    = "A565",
     year      = "2006",
     pages     = "463-537",
     eprint    = "physics/0507191",
     SLACcitation  = "%%CITATION = PHYSICS 0507191;%%"
}

@Article{htf,
  author = {Alexander Khanov},
  title= {HTF: histogramming method for finding tracks. The algorithm description. D0 Note Number: 3778},
}

@Article{aa,
  author = {Guennadi Borissov},
  title = {Ordering a Chaos or... Technical Details of AA Tracking. All $\dzero$ meeting 2/28/03},
}

@Article{pv,
  author = {Ariel Schwartzman, Chris Tully},
  title = {Primary Vertex Reconstruction by Means of Adaptive Vertex Fitting. D0 Note Number: 004918},
}

@Article{electron,
  author = {J. Hays et. al.},
  title = {Single Electron Efficiencies in p17 Data and Monte-Carlo. D0 Note Number: 005025},
}

@Article{muon,
  author = {T. Gadfort et. al.},
  title = {Muon Identification Certification for p17 data. D0 Note Number: 005157},
}

@Article{jes,
  title = {http://www-d0.fnal.gov/phys$\_$id/jes/public/plots$\_$v7.1},
}

@Article{bid,
  author = {Miruna Anastasoaie, Stephen Robinson, Tim Scanlon},
  title = {Performance of the NN b-tagging Tool on p17 Data. D0 Note Number: 005213},
}

@Article{geant,
  author = {Fisyak Y., Womersley J.},
  title = {D0gstar D0 GEANT Simulation o fthe Total Apparatus Response (http://d0sgi0.fnal.gov/~d0upgrad. D0 Note Number: 003191},
}

@Article{ssr,
  title = {http://www-d0.hef.kun.nl//fullAgenda.php?ida=a052073$\&$fid=64}
}

@Article{Hoche:2006ph,
     author    = "Hoche, Stefan and others",
     title     = "Matching parton showers and matrix elements",
     year      = "2006",
     eprint    = "hep-ph/0602031",
     SLACcitation  = "%%CITATION = HEP-PH 0602031;%%"
}

@Article{Abbott:2000pa,
     author    = "Abbott, B. and others",
 collaboration = "D0",
     title     = "Search for electroweak production of single top quarks in
                  $p\bar{p}$ collisions",
     journal   = "Phys. Rev.",
     volume    = "D63",
     year      = "2001",
     pages     = "031101",
     eprint    = "hep-ex/0008024",
     SLACcitation  = "%%CITATION = HEP-EX 0008024;%%"
}

@Article{Abazov:2001ns,
     author    = "Abazov, V. M. and others",
 collaboration = "D0",
     title     = "Search for single top quark production at D\O\ using neural
                  networks",
     journal   = "Phys. Lett.",
     volume    = "B517",
     year      = "2001",
     pages     = "282-294",
     eprint    = "hep-ex/0106059",
     SLACcitation  = "%%CITATION = HEP-EX 0106059;%%"
}

@Article{Acosta:2004er,
     author    = "Acosta, D. and others",
 collaboration = "CDF",
     title     = "Optimized search for single top quark production at the
                  Fermilab Tevatron",
     journal   = "Phys. Rev.",
     volume    = "D69",
     year      = "2004",
     pages     = "052003",
     SLACcitation  = "%%CITATION = PHRVA,D69,052003;%%"
}

@Article{Acosta:2001un,
     author    = "Acosta, D. and others",
 collaboration = "CDF",
     title     = "Search for single top quark production in $p\bar{p}$
                  collisions at  $\sqrt{s}=$ 1.8-TeV",
     journal   = "Phys. Rev.",
     volume    = "D65",
     year      = "2002",
     pages     = "091102",
     eprint    = "hep-ex/0110067",
     SLACcitation  = "%%CITATION = HEP-EX 0110067;%%"
}

@Article{Abazov:2005zz,
     author    = "Abazov, V. M. and others",
 collaboration = "D0",
     title     = "Search for single top quark production in p anti-p
                  collisions at  s**(1/2) = 1.96-TeV",
     journal   = "Phys. Lett.",
     volume    = "B622",
     year      = "2005",
     pages     = "265-276",
     eprint    = "hep-ex/0505063",
     SLACcitation  = "%%CITATION = HEP-EX 0505063;%%"
}

@Article{Abazov:2006uq,
     author    = "Abazov, V. M. and others",
 collaboration = "D0",
     title     = "Multivariate searches for single top quark production with
                  the D0 detector",
     year      = "2006",
     eprint    = "hep-ex/0604020",
     SLACcitation  = "%%CITATION = HEP-EX 0604020;%%"
}

@Article{Acosta:2004bs,
     author    = "Acosta, D. and others",
 collaboration = "CDF",
     title     = "Search for electroweak single top quark production in
                  $p\bar{p}$ collisions at $\sqrt{s} = 1.96$ TeV",
     journal   = "Phys. Rev.",
     volume    = "D71",
     year      = "2005",
     pages     = "012005",
     eprint    = "hep-ex/0410058",
     SLACcitation  = "%%CITATION = HEP-EX 0410058;%%"
}

@Article{run2-d0-370,
    author = {B.~Cl\'{e}ment and D.~Gel\'{e}},
    title = {Search for Single Top Quark Production Using Likelihood Discriminants. $\dzero$~Note~4825 (2005).},
}

@Article{run2-cdf-bnn-700,
    author = {The CDF Collaboration},
    title = {Single Top Quark Search with 0.7~fb$^{-1}$. CDF~Conference~Note~8185, (2006)},
}

@Article{run2-cdf-me-955,
    author = {The CDF Collaboration},
    title = {Search for Single Top Quark Production in 955~pb$^{-1}$ using the Matrix Element Technique. CDF~Conference~Note~8588, (2006)},

}

@Article{run2-cdf-lhood-955,
    author = {The CDF Collaboration},
    title = {Multivariate Likelihood Search for Single-Top-Quark Production with 1~fb$^{-1}$. CDF~Conference~Note~8585, (2006)},
}

@Article{run2-cdf-nn-955,
    author = {The CDF Collaboration},
    title = {Search for Electroweak Single-Top-Quark Production using Neural Networks with 955~pb$^{-1}$ of CDF RunII data. CDF~Conference~Note~8677, (2007)},
}

@ARTICLE{cacciari-2004-0404,
  author = {M. Cacciari and S. Frixione and M.~L. Mangano and P. Nason and G. Ridolfi},
  title = {The t-tbar cross-section at 1.8 and 1.96 TeV: a study of the systematics  due to parton densities and scale dependence},
  journal = {JHEP},
  volume = {0404},
  pages = {068},
  url = {http://www.citebase.org/abstract?id=oai:arXiv.org:hep-ph/0303085},
  year = {2004}
}

@Article{Smith:1996ij,
     author    = "Smith, Martin C. and Willenbrock, S.",
     title     = "QCD and Yukawa Corrections to Single-Top-Quark Production
                  via $q\bar{q} \rightarrow t\bar{b}$",
     journal   = "Phys. Rev.",
     volume    = "D54",
     year      = "1996",
     pages     = "6696-6702",
     eprint    = "hep-ph/9604223",
     SLACcitation  = "%%CITATION = HEP-PH 9604223;%%"
}

@Article{PhysRevD.56.3114,
  title = {Single top quarks at the Fermilab Tevatron},
  author = {Heinson, A. P. and Belyaev, A. S. and Boos, E. E.},
  journal = {Phys. Rev. D},
  volume = {56},
  number = {5},
  pages = {3114--3128},
  numpages = {14},
  year = {1997},
  month = {Sep},
  doi = {10.1103/PhysRevD.56.3114},
  publisher = {American Physical Society}
}

@Article{Stelzer:1997ns,
     author    = "Stelzer, T. and Sullivan, Z. and Willenbrock, S.",
     title     = "Single-top-quark production via W-gluon fusion at next-to-
                  leading  order",
     journal   = "Phys. Rev.",
     volume    = "D56",
     year      = "1997",
     pages     = "5919-5927",
     eprint    = "hep-ph/9705398",
     SLACcitation  = "%%CITATION = HEP-PH 9705398;%%"
}

@Article{Harris:2002md,
     author    = "Harris, B. W. and Laenen, E. and Phaf, L. and Sullivan, Z.
                  and Weinzierl, S.",
     title     = "The fully differential single top quark cross section in
                  next-to-leading order QCD",
     journal   = "Phys. Rev.",
     volume    = "D66",
     year      = "2002",
     pages     = "054024",
     eprint    = "hep-ph/0207055",
     SLACcitation  = "%%CITATION = HEP-PH 0207055;%%"
}

@Article{Sullivan:2004ie,
     author    = "Sullivan, Zack",
     title     = "Understanding single-top-quark production and jets at
                  hadron colliders",
     journal   = "Phys. Rev.",
     volume    = "D70",
     year      = "2004",
     pages     = "114012",
     eprint    = "hep-ph/0408049",
     SLACcitation  = "%%CITATION = HEP-PH 0408049;%%"
}

@Article{Cao:2004ap,
     author    = "Cao, Qing-Hong and Schwienhorst, Reinhard and Yuan, C. -P.
                  ",
     title     = "Next-to-leading order corrections to single top quark
                  production and  decay at Tevatron. I: s-channel process",
     journal   = "Phys. Rev.",
     volume    = "D71",
     year      = "2005",
     pages     = "054023",
     eprint    = "hep-ph/0409040",
     SLACcitation  = "%%CITATION = HEP-PH 0409040;%%"
}

@Article{Cao:2005pq,
     author    = "Cao, Qing-Hong and Schwienhorst, Reinhard and Benitez,
                  Jorge A. and Brock, Raymond and Yuan, C. -P.",
     title     = "Next-to-leading order corrections to single top quark
                  production and  decay at the Tevatron. II: t-channel
                  process",
     journal   = "Phys. Rev.",
     volume    = "D72",
     year      = "2005",
     pages     = "094027",
     eprint    = "hep-ph/0504230",
     SLACcitation  = "%%CITATION = HEP-PH 0504230;%%"
}

@Article{Kidonakis:2006bu,
     author    = "Kidonakis, Nikolaos",
     title     = "Single top production at the Tevatron: Threshold
                  resummation and finite-order soft gluon corrections",
     journal   = "Phys. Rev.",
     volume    = "D74",
     year      = "2006",
     pages     = "114012",
     eprint    = "hep-ph/0609287",
     SLACcitation  = "%%CITATION = HEP-PH 0609287;%%"
}

@Article{d0note4958,
    author = {B.~Casey {\it et al.}},
    title = {Determination of the Effective Inelastic {\ppbar} Cross Section for the {\dzero} Luminosity Measurement Using Upgraded Readout Electronics. $\dzero$~Note~4958 (2005).},
}

@Article{d0note5139,
    author = {G.~Snow {\it et al.}},
    title = {Adjustments to the Measured Integrated Luminosity in Run IIa. $\dzero$~Note~5139 (2006).},
}


@ARTICLE{1993CoPhC..76..361J,
   author = {{Jadach}, S. and {Ws}, Z. and {Decker}, R. and {K{\"u}hn}, J.~H.
	},
    title = "{The {$\tau$} decay library TAUOLA, version 2.4}",
  journal = {Computer Physics Communications},
     year = 1993,
    month = aug,
   volume = 76,
    pages = {361-380},
      doi = {10.1016/0010-4655(93)90061-G},
   adsurl = {http://adsabs.harvard.edu/cgi-bin/nph-bib_query?bibcode=1993CoPhC..76..361J&db_key=PHY},
  adsnote = {Provided by the Smithsonian/NASA Astrophysics Data System}
}


@ARTICLE{2001NIMPA.462..152L,
   author = {{Lange}, D.~J.},
    title = "{The EvtGen particle decay simulation package}",
  journal = {Nuclear Instruments and Methods in Physics Research A},
     year = 2001,
    month = apr,
   volume = 462,
    pages = {152-155},
   adsurl = {http://adsabs.harvard.edu/cgi-bin/nph-bib_query?bibcode=2001NIMPA.462..152L&db_key=PHY},
  adsnote = {Provided by the Smithsonian/NASA Astrophysics Data System}
}


@Article{PhysRevD.60.011501,
  title = {Strong radiative corrections to $Wbb[over \ifmmode\bar\else\textasciimacron\fi{}]$ production in $pp[over \ifmmode\bar\else\textasciimacron\fi{}]$ collisions},
  author = {Ellis, R. K. and Veseli, Sini\ifmmode \check{s}\else \v{s}\fi{}a },
  journal = {Phys. Rev. D},
  volume = {60},
  number = {1},
  pages = {011501},
  numpages = {4},
  year = {1999},
  month = {Jun},
  doi = {10.1103/PhysRevD.60.011501},
  publisher = {American Physical Society}
}


@ARTICLE{2006PhRvD..74c4007C,
   author = {{Cordero}, F.~F. and {Reina}, L. and {Wackeroth}, D.},
    title = "{NLO QCD corrections to W boson production with a massive b-quark jet pair at the Fermilab Tevatron p$\bar{p}$ collider}",
  journal = {Phys. Rev. D},
   eprint = {hep-ph/0606102},
     year = 2006,
    month = aug,
   volume = 74,
   number = 3,
    pages = {034007-+},
      doi = {10.1103/PhysRevD.74.034007},
   adsurl = {http://adsabs.harvard.edu/cgi-bin/nph-bib_query?bibcode=2006PhRvD..74c4007C&db_key=PHY},
  adsnote = {Provided by the Smithsonian/NASA Astrophysics Data System}
}

@Article{Campbell:2006cu,
     author    = "Campbell, J. and Ellis, R. K. and Maltoni, F. and
                  Willenbrock, S.",
     title     = "Production of a W boson and two jets with one b-quark tag",
     journal   = "Phys. Rev.",
     volume    = "D75",
     year      = "2007",
     pages     = "054015",
     eprint    = "hep-ph/0611348",
     SLACcitation  = "%%CITATION = HEP-PH 0611348;%%"
}

@Article{beamshifts,
    author = {H.~Schellman},
    title = {The Longitudinal Shape of the Luminous Region at $\dzero$. $\dzero$~Note~5142 (2006).},
}

@Article{comb,
   author = {The $\dzero$ Collaboration},
   title = {Combining Results from Three Single Top Quark Cross Section Measurements using the BLUE Method. D0 Conference Note Number 5342},
}

@Article{singletopnote,
    author = {E. Aguilo et al.},
    title = {Search for Single Top Quark Production in 1 fb-1 of Data. D0 Note Number: 005285},
}

@Article{oldsingletopnote,
    author = {M. Agelou et al.},
    title = {Search for Single Top Quark Production at DZero in Run II. D0 Note Number: 004398},
}

@Article{higgspotential,
    title = {http://www.fuw.edu.pl/~dobaczew/maub-42w/node12.html}
}

@Article{Jabeen:2006km,
     author    = "Jabeen, Shabnam",
     title     = "Search for the single top quarks produced in s-channel via
                  electroweak  interactions at s = 1.96 at the Tevatron",
     note     = "FERMILAB-THESIS-2006-24"
}

@Article{Stelzer:2005kz,
     author    = "Stelzer, Bernd",
     title     = "Search for electroweak single top quark production in 1.96-
                  TeV proton  antiproton collisions",
     note     = "FERMILAB-THESIS-2005-79"
}

@Article{Haas:2004rx,
     author    = "Haas, Andrew C.",
     title     = "A search for neutral Higgs bosons at high tan beta in
                  multi-jet events  from p anti-p collisions at s**(1/2) =
                  1960-GeV",
     note     = "FERMILAB-THESIS-2004-26"
}

@Article{shower,
    title = {http://www.aanda.org/index.php}
}

@Article{tevlumi,
    title = {http://www.fnal.gov/pub/now/tevlum.html}
}

@Article{aran,
    title = {http://www-d0.hef.kun.nl//fullAgenda.php?ida=a03632$\&$fid=35}
}

@Article{feynmandiagrams,
    title = {http://www-d0.fnal.gov/Run2Physics/top/index.html}
}

@Article{results,
    title = {http://www-d0.fnal.gov/Run2Physics/top/public/fall06/singletop/}
}

@Article{Abazov:2006gd,
     author    = "Abazov, V. M. and others",
 collaboration = "D0",
     title     = "Evidence for production of single top quarks and first
                  direct measurement of |Vtb|",
     year      = "2006",
     eprint    = "hep-ex/0612052",
     SLACcitation  = "%%CITATION = HEP-EX 0612052;%%"
}

@Article{PhysRevD.41.982,
  title = {On the determination of the $B$ lifetime by combining the results of different experiments},
  author = {Lyons, Louis  and Martin, Alex J. and Saxon, David H.},
  journal = {Phys. Rev. D},
  volume = {41},
  number = {3},
  pages = {982--985},
  numpages = {3},
  year = {1990},
  month = {Feb},
  doi = {10.1103/PhysRevD.41.982},
  publisher = {American Physical Society}
}

@ARTICLE{1988NIMPA.270..110L,
   author = {{Lyons}, L. and {Gibaut}, D. and {Clifford}, P.},
    title = "{How to combine correlated estimates of a single physical quantity}",
  journal = {Nuclear Instruments and Methods in Physics Research A},
     year = 1988,
    month = jul,
   volume = 270,
    pages = {110-117},
      doi = {10.1016/0168-9002(88)90018-6},
   adsurl = {http://adsabs.harvard.edu/cgi-bin/nph-bib_query?bibcode=1988NIMPA.270..110L&db_key=PHY},
  adsnote = {Provided by the Smithsonian/NASA Astrophysics Data System}
}

@Article{Bigi:1986jk,
     author    = "Bigi, Ikaros I. Y. and Dokshitzer, Yuri L. and Khoze,
                  Valery A. and Kuhn, Johann H. and Zerwas, Peter M.",
     title     = "Production and Decay Properties of Ultraheavy Quarks",
     journal   = "Phys. Lett.",
     volume    = "B181",
     year      = "1986",
     pages     = "157",
     SLACcitation  = "%%CITATION = PHLTA,B181,157;%%"
}


